@Article{Freeman_1991,
  author          = {Freeman, Tim and Pfenning, Frank},
  title           = {Refinement types for ML},
  year            = 1991,
  volume          = 26,
  number          = 6,
  month           = {Jun},
  pages           = {268â€“277},
  issn            = {0362-1340},
  doi             = {10.1145/113446.113468},
  url             = {http://dx.doi.org/10.1145/113446.113468},
  journal         = {ACM SIGPLAN Notices},
  publisher       = {Association for Computing Machinery (ACM)}
}
