@ARTICLE{Hascoet2013TTA,
  journal         = "{ACM} Transactions on Mathematical Software",
  url             = "http://dx.doi.org/10.1145/2450153.2450158",
  author          = "Hasco{\"e}t, L. and Pascual, V.",
  title           = "The {T}apenade Automatic Differentiation tool:
                  {P}rinciples, Model, and Specification",
  volume          = 39,
  number          = 3,
  pages           = "20:1--20:43",
  ad_tools        = "TAPENADE",
  ad_theotech     = "Adjoint, Checkpointing, control-flow reversal, Data Flow
                  Analysis, data-flow reversal, Implementation Strategies,
                  Reverse Mode, Source transformation, Static Analysis",
  year            = 2013
}

@Article{Pearlmutter_2008,
  author          = {Pearlmutter, Barak A. and Siskind, Jeffrey Mark},
  title           = {Reverse-mode AD in a functional framework},
  year            = 2008,
  volume          = 30,
  number          = 2,
  month           = {Mar},
  pages           = {1â€“36},
  issn            = {0164-0925},
  doi             = {10.1145/1330017.1330018},
  url             = {http://dx.doi.org/10.1145/1330017.1330018},
  journal         = {ACM Transactions on Programming Languages and Systems},
  publisher       = {Association for Computing Machinery (ACM)}
}

@article{array2019,
  author          = {Amir Shaikhha and Andrew Fitzgibbon and Dimitrios
                  Vytiniotis and Simon Peyton Jones},
  title           = {Efficient differentiable programming in a functional
                  array-processing language},
  DATE_ADDED      = {Thu Dec 19 13:22:41 2019},
  journal         = {Proceedings of the ACM on Programming Languages},
  year            = 2019,
  volume          = 3,
  number          = {ICFP},
  pages           = {1-30},
  doi             = {10.1145/3341701},
  url             = {http://dx.doi.org/10.1145/3341701},
}

@incollection{autoDiffInML2018,
  title           = {Automatic differentiation in ML: Where we are and where we
                  should be going},
  author          = {van Merrienboer, Bart and Breuleux, Olivier and Bergeron,
                  Arnaud and Lamblin, Pascal},
  booktitle       = {Advances in Neural Information Processing Systems 31},
  editor          = {S. Bengio and H. Wallach and H. Larochelle and K. Grauman
                  and N. Cesa-Bianchi and R. Garnett},
  pages           = {8757--8767},
  year            = 2018,
  publisher       = {Curran Associates, Inc.},
  url             =
                  {http://papers.nips.cc/paper/8092-automatic-differentiation-in-ml-where-we-are-and-where-we-should-be-going.pdf}
}

@Online{betancourt18:geomet_theor_higher_order_autom_differ,
  author          = {Michael Betancourt},
  title           = {{A Geometric Theory of Higher-Order Automatic
                  Differentiation}},
  year            = 2018,
  archiveprefix   = {arXiv},
  eprint          = {1812.11592v1},
  primaryclass    = {stat.CO}
}

@article{elliott17_compil_to_categ,
  author          = {Conal Elliott},
  title           = {Compiling To Categories},
  journal         = {Proceedings of the ACM on Programming Languages},
  volume          = 1,
  number          = {ICFP},
  pages           = {1-27},
  year            = 2017,
  doi             = {10.1145/3110271},
  url             = {https://doi.org/10.1145/3110271},
  DATE_ADDED      = {Thu Dec 12 18:28:01 2019},
}

@Online{elliott18,
  author          = {Conal Elliott},
  title           = {{The simple essence of automatic differentiation}},
  year            = 2018,
  archiveprefix   = {arXiv},
  eprint          = {1804.00746v4},
  primaryclass    = {cs.PL}
}

@misc{innes2018dont,
  title           = {Don't Unroll Adjoint: Differentiating SSA-Form Programs},
  author          = {Michael Innes},
  year            = 2018,
  eprint          = {1810.07951},
  archivePrefix   = {arXiv},
  primaryClass    = {cs.PL}
}

@Online{laue19:equiv_forwar_mode_autom_differ_symbol_differ,
  author          = {Soeren Laue},
  title           = {{On the Equivalence of Forward Mode Automatic
                  Differentiation and Symbolic Differentiation}},
  year            = 2019,
  archiveprefix   = {arXiv},
  eprint          = {1904.02990v2},
  primaryclass    = {cs.SC}
}
