@article{hascoet-2013-tapen-autom,
  author          = {Laurent Hascoet and Val{\'e}rie Pascual},
  title           = {The Tapenade Automatic Differentiation Tool},
  journal         = {ACM Transactions on Mathematical Software},
  volume          = 39,
  number          = 3,
  pages           = {1-43},
  year            = 2013,
  doi             = {10.1145/2450153.2450158},
  url             = {https://doi.org/10.1145/2450153.2450158},
  DATE_ADDED      = {Fri Dec 20 21:09:11 2019},
}
