@inproceedings{gimenez,
  title={Codifying guarded definitions with recursive schemes},
  author={Gim{\'e}nez, Eduarde},
  booktitle={International Workshop on Types for Proofs and Programs},
  pages={39--59},
  year={1994},
  organization={Springer}
}
@inproceedings{bruno,
  title={The implicit calculus of constructions as a programming language with dependent types},
  author={Barras, Bruno and Bernardo, Bruno},
  booktitle={International Conference on Foundations of Software Science and Computational Structures},
  pages={365--379},
  year={2008},
  organization={Springer}
}
@article{barendregt,
  title={Introduction to generalized type systems},
  author={Barendregt, Henk},
  journal={Journal of functional programming},
  volume={1},
  number={2},
  pages={125--154},
  year={1991},
  publisher={Cambridge University Press}
}
@article{miquel,
  title={Le Calcul des Constructions implicite: syntaxe et s{\'e}mantique},
  author={Miquel, Alexandre},
  journal={These de doctorat, Universit{\'e} Paris},
  volume={7},
  year={2001}
}
@article{CC,
 author = {Coquand, Thierry and Huet, Gerard},
 title = {The Calculus of Constructions},
 journal = {Inf. Comput.},
 issue_date = {February/March 1988},
 volume = {76},
 number = {2-3},
 month = feb,
 year = {1988},
 issn = {0890-5401},
 pages = {95--120},
 numpages = {26},
 url = {http://dx.doi.org/10.1016/0890-5401(88)90005-3},
 doi = {10.1016/0890-5401(88)90005-3},
 acmid = {47725},
 publisher = {Academic Press, Inc.},
 address = {Duluth, MN, USA},
} 
@inproceedings{luo,
  title={ECC, an extended calculus of constructions},
  author={Luo, Zhaohui},
  booktitle={Logic in Computer Science, 1989. LICS'89, Proceedings., Fourth Annual Symposium on},
  pages={386--395},
  year={1989},
  organization={IEEE}
}
